@inproceedings{Kellaris2014,
author = {Kellaris, N. and Daal, M. and Epland, M. and Pepin, M. and Kamaev, O. and Cushman, P. and Kramer, E. and Sadoulet, B. and Mirabolfathi, N. and Golwala, S. and Runyan, M.},
booktitle = {Journal of Low Temperature Physics},
doi = {10.1007/s10909-013-1048-6},
file = {:Users/miguel{\_}daal/Documents/Mendeley/Kellaris et al.{\_}2014{\_}Sub-kelvin thermal conductivity and radioactivity of some useful materials in low background cryogenic experiments.pdf:pdf},
issn = {15737357},
keywords = {Graphite,Kapton,Radioactivity,Thermal Conductivity,Ti 15-3-3-3,Vespel},
number = {3-4},
pages = {201--208},
title = {{Sub-kelvin thermal conductivity and radioactivity of some useful materials in low background cryogenic experiments}},
volume = {176},
year = {2014}
}
@inproceedings{Kramer2014,
author = {Kramer, Erik and Kellaris, Nicholas and Daal, Miguel and Sadoulet, Bernard and Golwala, Sunil and Hollister, Matthew},
booktitle = {Journal of Low Temperature Physics},
doi = {10.1007/s10909-013-1052-x},
file = {:Users/miguel{\_}daal/Documents/Mendeley/Kramer et al.{\_}2014{\_}Material selection for cryogenic support structures.pdf:pdf},
issn = {15737357},
keywords = {Cryogenic,Cryogenic materials,Cryogenic support,Low temperature,Material strength,Structural materials,Support structures,Thermal conductivity,Truss,Young's modulus},
number = {5-6},
pages = {1103--1108},
title = {{Material selection for cryogenic support structures}},
volume = {176},
year = {2014}
}
@article{Schmitt2015,
author = {Schmitt, R.L. and Tatkowski, G. and Ruschman, M. and Golwala, S. and Kellaris, N. and Daal, M. and Hall, J. and Hoppe, E.W.},
doi = {10.1016/j.cryogenics.2015.04.006},
file = {:Users/miguel{\_}daal/Documents/Mendeley/Schmitt et al.{\_}2015{\_}Thermal conductance measurements of bolted copper joints for SuperCDMS.pdf:pdf},
issn = {00112275},
journal = {Cryogenics},
pages = {41--46},
publisher = {Elsevier Ltd},
title = {{Thermal conductance measurements of bolted copper joints for SuperCDMS}},
url = {http://linkinghub.elsevier.com/retrieve/pii/S0011227515000545},
volume = {70},
year = {2015}
}
@inproceedings{Zobrist2014,
author = {Zobrist, N. R. and Daal, M. and Sadoulet, B. and Golwala, S.},
booktitle = {Journal of Low Temperature Physics},
doi = {10.1007/s10909-013-0995-2},
file = {:Users/miguel{\_}daal/Documents/Mendeley/Zobrist et al.{\_}2014{\_}A distributed method for modeling effective cryogenic flat cable heat sinking.pdf:pdf},
issn = {15737357},
keywords = {Flat cable,Heat sinking,Modeling,Thermal boundary resistance},
number = {5-6},
pages = {1096--1102},
title = {{A distributed method for modeling effective cryogenic flat cable heat sinking}},
volume = {176},
year = {2014}
}
